@misc{ mars:syscall,
	author = {Missouri State University},
	title = {SYSCALL functions available in MARS},
	url = {http://courses.missouristate.edu/kenvollmar/mars/help/syscallhelp.html},
	urlaccessdate = {13 Out, 2018}
}

@misc{ wiki:xxx,
	author = "{Wikipedia contributors}",
	title = "ASCII --- {Wikipedia}{,} The Free Encyclopedia",
	year = "2018",
	url = {https://en.wikipedia.org/w/index.php?title=ASCII&oldid=863023280},
	urlaccessdate = {13 Out, 2018}
}

